<record><leader>00000cas a22000007a 4500</leader><controlfield tag="001">11368784</controlfield><controlfield tag="008">841109d18561867njuwr ne      0    0eng d</controlfield><datafield ind1=" " ind2=" " tag="010"><subfield code="a">sn 84045013 </subfield></datafield><datafield ind1=" " ind2=" " tag="040"><subfield code="a">NPA</subfield><subfield code="b">eng</subfield><subfield code="c">NPA</subfield><subfield code="d">NPX</subfield><subfield code="d">NJW</subfield><subfield code="d">OCLCQ</subfield></datafield><datafield ind1=" " ind2=" " tag="042"><subfield code="a">msc</subfield></datafield><datafield ind1="0" ind2="4" tag="245"><subfield code="a">The Dollar newspaper. And Burlington County advertiser.</subfield></datafield><datafield ind1="3" ind2="0" tag="246"><subfield code="a">New Jersey dollar newspaper</subfield></datafield><datafield ind1="3" ind2="0" tag="246"><subfield code="a">Dollar newspaper</subfield></datafield><datafield ind1=" " ind2=" " tag="260"><subfield code="a">Burlington, N.J. :</subfield><subfield code="b">F. Ferguson,</subfield><subfield code="c">1856-1867.</subfield></datafield><datafield ind1=" " ind2=" " tag="300"><subfield code="a">v. :</subfield><subfield code="b">ill. ;</subfield><subfield code="c">63 cm.</subfield></datafield><datafield ind1=" " ind2=" " tag="310"><subfield code="a">Weekly</subfield></datafield><datafield ind1="0" ind2=" " tag="362"><subfield code="a">Vol. 1, no. 1 (Nov. 15, 1856)-v. 12, no. 575 (Nov. 16, 1867).</subfield></datafield><datafield ind1=" " ind2=" " tag="530"><subfield code="a">Also issued on microfilm by Micro-Graphics Corp., Garfield, N.J.</subfield></datafield><datafield ind1=" " ind2=" " tag="752"><subfield code="a">United States</subfield><subfield code="b">New Jersey</subfield><subfield code="c">Burlington</subfield><subfield code="d">Burlington.</subfield></datafield><datafield ind1="0" ind2="0" tag="780"><subfield code="t">Burlington gazette (Burlington, N.J. : 1845)</subfield><subfield code="w">(DLC)sn 84045012</subfield><subfield code="w">(OCoLC)11368665</subfield></datafield><datafield ind1="0" ind2="0" tag="785"><subfield code="t">Burlington gazette, and Burlington County advertiser</subfield><subfield code="w">(DLC)sn 83032099</subfield><subfield code="w">(OCoLC)10181725</subfield></datafield></record>